<record><leader>02513nam a2200397 i 4500</leader><controlfield tag="001">6786216</controlfield><controlfield tag="003">FlBoTFG</controlfield><controlfield tag="005">20150115163111.0</controlfield><controlfield tag="006">m|||||o||d||||||||</controlfield><controlfield tag="007">cr||||</controlfield><controlfield tag="008">150115t20152015fluad   obf   001 0 eng d</controlfield><datafield ind1=" " ind2=" " tag="020"><subfield code="a">9781466592056 (e-book : PDF)</subfield></datafield><datafield ind1=" " ind2=" " tag="035"><subfield code="a">ocn900602313</subfield></datafield><datafield ind1=" " ind2=" " tag="039"><subfield code="a">exclude</subfield></datafield><datafield ind1=" " ind2=" " tag="040"><subfield code="a">FlBoTFG</subfield><subfield code="b">eng</subfield><subfield code="e">rda</subfield><subfield code="c">FlBoTFG</subfield><subfield code="d">AEU</subfield></datafield><datafield ind1=" " ind2="4" tag="050"><subfield code="a">TA151</subfield><subfield code="b">.C79 2015</subfield></datafield><datafield ind1=" " ind2=" " tag="090"><subfield code="a">Internet Access</subfield><subfield code="b">AEU</subfield></datafield><datafield ind1="0" ind2="0" tag="245"><subfield code="a">Critical urban infrastructure handbook /</subfield><subfield code="c">edited by Japan Society of Civil Engineers ; M. Hamada, Editor-in-Chief ; editors, T. Koike, T. Suzuki, C. Scawthorn N. Suzuki, K. Ohtomo, Y. Shumuta J. Koseki, R. Kuwano, H. Horikawa F. Sugino, K. Sakaki.</subfield></datafield><datafield ind1=" " ind2="1" tag="264"><subfield code="a">Boca Raton :</subfield><subfield code="b">CRC Press,</subfield><subfield code="c">[2015]</subfield></datafield><datafield ind1=" " ind2="4" tag="264"><subfield code="c">&#169;2015</subfield></datafield><datafield ind1=" " ind2=" " tag="300"><subfield code="a">1 online resource.</subfield></datafield><datafield ind1=" " ind2=" " tag="336"><subfield code="a">text</subfield><subfield code="2">rdacontent</subfield></datafield><datafield ind1=" " ind2=" " tag="337"><subfield code="a">computer</subfield><subfield code="2">rdamedia</subfield></datafield><datafield ind1=" " ind2=" " tag="338"><subfield code="a">online resource</subfield><subfield code="2">rdacarrier</subfield></datafield><datafield ind1=" " ind2=" " tag="504"><subfield code="a">Includes bibliographical references and index.</subfield></datafield><datafield ind1="0" ind2=" " tag="505"><subfield code="a">section 1. General remarks of lifeline services -- section 2. Construction technology of lifeline pipelines and its facilities -- section 3. Maintenance technologies -- section 4. Disaster prevention and mitigation technologies of lifelines.</subfield></datafield><datafield ind1=" " ind2=" " tag="506"><subfield code="a">Access restricted to authorized users and institutions.</subfield></datafield><datafield ind1=" " ind2=" " tag="520"><subfield code="a">"A superb reference for civil and mechanical engineers involved in the planning, operations, management, and maintenance of all urban utilities, this handbook addresses water supply and sewerage, power, gas, telecommunications joint utility corridor (utilidor) lifeline facilities and other critical civil infrastructure lifelines. It covers the design and construction of facilities, maintenance, disaster management, environmental protection, and disaster and emergency recovery measures. It also discusses urban planning, life cycle cost, GIS analysis of lifeline systems, computerized integrated management systems, and the use of new materials and technologies. "--</subfield><subfield code="c">Provided by publisher.</subfield></datafield><datafield ind1=" " ind2=" " tag="596"><subfield code="a">44</subfield></datafield><datafield ind1=" " ind2="0" tag="650"><subfield code="a">Construction projects</subfield><subfield code="v">Handbooks, manuals, etc.</subfield></datafield><datafield ind1=" " ind2="0" tag="650"><subfield code="a">Public works</subfield><subfield code="v">Handbooks, manuals, etc.</subfield></datafield><datafield ind1=" " ind2="0" tag="650"><subfield code="a">Public utilities</subfield><subfield code="v">Handbooks, manuals, etc.</subfield></datafield><datafield ind1="1" ind2=" " tag="700"><subfield code="a">Hamada, Masanori,</subfield><subfield code="d">1943-</subfield><subfield code="e">editor.</subfield></datafield><datafield ind1="4" ind2="0" tag="856"><subfield code="3">University of Alberta Access</subfield><subfield code="u">http://marc.crcnetbase.com/isbn/9781466592056</subfield><subfield code="z">(Unlimited Concurrent Users)</subfield></datafield><datafield ind1=" " ind2=" " tag="949"><subfield code="h">UAIN</subfield><subfield code="z">CRC</subfield></datafield><datafield ind1=" " ind2=" " tag="926"><subfield code="a">Internet Access</subfield><subfield code="w">LC</subfield><subfield code="c">1</subfield><subfield code="i">6786216-1001</subfield><subfield code="l">INTERNET</subfield><subfield code="m">UAINTERNET</subfield><subfield code="r">Y</subfield><subfield code="s">Y</subfield><subfield code="t">E-RESOURCE</subfield><subfield code="u">1/20/2015</subfield><subfield code="x">E-BOOK</subfield><subfield code="z">CRC</subfield></datafield></record>